[gd_scene load_steps=7 format=2]

[ext_resource path="res://Enemy.tscn" type="PackedScene" id=1]
[ext_resource path="res://scripts/GhostGuardian.gd" type="Script" id=2]
[ext_resource path="res://Orb.tscn" type="PackedScene" id=3]
[ext_resource path="res://images/ghost_guardian.png" type="Texture" id=4]

[sub_resource type="CircleShape2D" id=1]

custom_solver_bias = 0.0
radius = 5.0

[sub_resource type="CircleShape2D" id=2]

custom_solver_bias = 0.0
radius = 129.035

[node name="GhostGuardian" instance=ExtResource( 1 )]

script = ExtResource( 2 )
maxHealth = 2
maxMana = 0
is_alive = false
is_player = false
speed = 140
damage = 5.0
on_hit_damage = 20.0
orb = ExtResource( 3 )

[node name="LeftHand" type="Area2D" parent="Damagers" index="0"]

editor/display_folded = true
position = Vector2( 0, -1 )
input_pickable = true
gravity_vec = Vector2( 0, 1 )
gravity = 98.0
linear_damp = 0.1
angular_damp = 1.0
collision_layer = 16
collision_mask = 16
audio_bus_override = false
audio_bus_name = "Master"
_sections_unfolded = [ "Collision" ]

[node name="CollisionShape2D" type="CollisionShape2D" parent="Damagers/LeftHand" index="0"]

position = Vector2( 15, -5 )
shape = SubResource( 1 )

[node name="RightHand" type="Area2D" parent="Damagers" index="1"]

editor/display_folded = true
position = Vector2( 0, 11 )
input_pickable = true
gravity_vec = Vector2( 0, 1 )
gravity = 98.0
linear_damp = 0.1
angular_damp = 1.0
collision_layer = 16
collision_mask = 16
audio_bus_override = false
audio_bus_name = "Master"
_sections_unfolded = [ "Collision" ]

[node name="CollisionShape2D" type="CollisionShape2D" parent="Damagers/RightHand" index="0"]

position = Vector2( 15, -5 )
shape = SubResource( 1 )

[node name="Sprite" parent="." index="1"]

texture = ExtResource( 4 )

[node name="CollisionPolygon2D" parent="." index="2"]

polygon = PoolVector2Array( -2, 9, -2, -8, -1, -10, 2, -10, 8, -9, 17, -6, 17, -3, 15, -3, 3, -7, 3, 8, 15, 4, 17, 4, 17, 7, 8, 10, 2, 11, -1, 11 )

[node name="ThirdSense" type="Area2D" parent="Visions" index="0"]

input_pickable = true
gravity_vec = Vector2( 0, 1 )
gravity = 98.0
linear_damp = 0.1
angular_damp = 1.0
collision_layer = 2
collision_mask = 2
audio_bus_override = false
audio_bus_name = "Master"
_sections_unfolded = [ "Collision" ]

[node name="CollisionShape2D" type="CollisionShape2D" parent="Visions/ThirdSense" index="0"]

shape = SubResource( 2 )


