[gd_scene load_steps=12 format=2]

[ext_resource path="res://Entity.tscn" type="PackedScene" id=1]
[ext_resource path="res://scripts/Player.gd" type="Script" id=2]
[ext_resource path="res://SpellProjectile.tscn" type="PackedScene" id=3]
[ext_resource path="res://images/player.png" type="Texture" id=4]
[ext_resource path="res://scripts/AttackNode.gd" type="Script" id=5]
[ext_resource path="res://images/basic_melee_smash.png" type="Texture" id=6]
[ext_resource path="res://UI.tscn" type="PackedScene" id=7]
[ext_resource path="res://SpellIcon.tscn" type="PackedScene" id=8]

[sub_resource type="Curve2D" id=1]
_data = {
"points": PoolVector2Array( 0, 0, 0, 0, 7, 13, 0, 0, 0, 0, 10, 12, 0, 0, 0, 0, 13, 10, 0, 0, 0, 0, 15, 7, 0, 0, 0, 0, 16, 4, 0, 0, 0, 0, 16, 1, 0, 0, 0, 0, 16, -1, 0, 0, 0, 0, 15, -4 )
}

[sub_resource type="Curve2D" id=2]
_data = {
"points": PoolVector2Array( 0, 0, 0, 0, 8, -10, 0, 0, 0, 0, 11, -9, 0, 0, 0, 0, 14, -7, 0, 0, 0, 0, 16, -4, 0, 0, 0, 0, 17, -1, 0, 0, 0, 0, 17, 3, 0, 0, 0, 0, 16, 6 )
}

[sub_resource type="CircleShape2D" id=3]
radius = 15.0

[node name="Player" instance=ExtResource( 1 )]
collision_layer = 27
collision_mask = 27
script = ExtResource( 2 )
maxHealth = 25.0
is_alive = true
is_player = true
speed = 100
spell_projectile = ExtResource( 3 )

[node name="Sprite" parent="." index="0"]
texture = ExtResource( 4 )

[node name="CollisionPolygon2D" parent="." index="1"]
polygon = PoolVector2Array( -1, -12, 3, -12, 5, -10, 5, 11, 3, 13, -1, 13, -3, 11, -3, -10 )

[node name="RightHandAttack" type="Node2D" parent="MelleeAttacks" index="0"]
script = ExtResource( 5 )
attack_sprite = ExtResource( 6 )
attack_damage = 1
speed = 80
max_offset = 21

[node name="Path2D" type="Path2D" parent="MelleeAttacks/RightHandAttack" index="0"]
curve = SubResource( 1 )

[node name="PathFollow2D" type="PathFollow2D" parent="MelleeAttacks/RightHandAttack/Path2D" index="0"]
position = Vector2( 7, 13 )
rotation = -0.387129

[node name="LeftHandAttack" type="Node2D" parent="MelleeAttacks" index="1"]
script = ExtResource( 5 )
attack_sprite = ExtResource( 6 )
attack_damage = 1
speed = 80
max_offset = 20

[node name="Path2D" type="Path2D" parent="MelleeAttacks/LeftHandAttack" index="0"]
curve = SubResource( 2 )

[node name="PathFollow2D" type="PathFollow2D" parent="MelleeAttacks/LeftHandAttack/Path2D" index="0"]
position = Vector2( 16.0001, 5.99965 )
rotation = 1.89738
offset = 20.43

[node name="MainCamera" type="Camera2D" parent="." index="3"]
current = true

[node name="ManaRegen" type="Timer" parent="." index="4"]
wait_time = 10.0
one_shot = true

[node name="UI" parent="." index="5" instance=ExtResource( 7 )]
spell_icon = ExtResource( 8 )

[node name="SpellLearner" type="Area2D" parent="." index="6"]
collision_layer = 4
collision_mask = 4

[node name="CollisionShape2D" type="CollisionShape2D" parent="SpellLearner" index="0"]
shape = SubResource( 3 )
