[gd_scene load_steps=10 format=2]

[ext_resource path="res://scripts/Spells.gd" type="Script" id=1]
[ext_resource path="res://images/spell_proj.png" type="Texture" id=2]
[ext_resource path="res://spell/SpellBase.tscn" type="PackedScene" id=3]
[ext_resource path="res://images/spell_bullet.png" type="Texture" id=4]
[ext_resource path="res://images/spell_heal.png" type="Texture" id=5]
[ext_resource path="res://images/spell_triple_shot.png" type="Texture" id=6]
[ext_resource path="res://images/spell_mana_gain.png" type="Texture" id=7]
[ext_resource path="res://images/spell_stun.png" type="Texture" id=8]
[ext_resource path="res://images/spell_mega_shot.png" type="Texture" id=9]

[node name="Spells" type="Node2D"]
script = ExtResource( 1 )

[node name="spell_bullet" parent="." instance=ExtResource( 3 )]
spell_name = "spell_bullet"
icon = ExtResource( 4 )
projectile_image = ExtResource( 2 )
health_damage = 10.0
mana_cost = 1.0
speed = 400

[node name="heal" parent="." instance=ExtResource( 3 )]
spell_name = "heal"
icon = ExtResource( 5 )
projectile_angles = PoolRealArray(  )
health_cost = -5.0
mana_cost = 3.0

[node name="mana_sacrifice" parent="." instance=ExtResource( 3 )]
spell_name = "mana_sacrifice"
icon = ExtResource( 7 )
projectile_angles = PoolRealArray(  )
health_cost = 10.0
mana_cost = -2.0

[node name="triple_shot" parent="." instance=ExtResource( 3 )]
spell_name = "triple_shot"
icon = ExtResource( 6 )
projectile_image = ExtResource( 2 )
projectile_angles = PoolRealArray( 0, 0.174, -0.174 )
health_damage = 7.0
mana_cost = 3.0
speed = 370

[node name="stun" parent="." instance=ExtResource( 3 )]
spell_name = "stun"
icon = ExtResource( 8 )
projectile_image = ExtResource( 2 )
health_damage = 1.0
stun_damage = 3.0
mana_cost = 7.0
speed = 150

[node name="mega_shot_2" parent="." instance=ExtResource( 3 )]
spell_name = "mega_shot_2"
projectile_image = ExtResource( 4 )
projectile_angles = PoolRealArray( 0, 0.393, 0.785, 1.178, 1.571, 1.963, 2.356, 2.749, 3.142, 3.534, 3.927, 4.32, 4.712, 5.105, 5.498, 5.89 )
health_damage = 2.0
speed = 300

[node name="mega_shot" parent="." instance=ExtResource( 3 )]
spell_name = "mega_shot"
icon = ExtResource( 9 )
projectile_image = ExtResource( 2 )
mana_cost = 10.0
speed = 200
on_hit = "spawn_megashot_2"
