[gd_scene load_steps=24 format=2]

[ext_resource path="res://images/WallN.png" type="Texture" id=1]
[ext_resource path="res://images/WallW.png" type="Texture" id=2]
[ext_resource path="res://images/WallS.png" type="Texture" id=3]
[ext_resource path="res://images/WallE.png" type="Texture" id=4]
[ext_resource path="res://images/WallNW.png" type="Texture" id=5]
[ext_resource path="res://images/WallNS.png" type="Texture" id=6]
[ext_resource path="res://images/WallNE.png" type="Texture" id=7]
[ext_resource path="res://images/WallWS.png" type="Texture" id=8]
[ext_resource path="res://images/WallSE.png" type="Texture" id=9]
[ext_resource path="res://images/WallWE.png" type="Texture" id=10]
[ext_resource path="res://images/WallNWd.png" type="Texture" id=11]
[ext_resource path="res://images/WallNEd.png" type="Texture" id=12]
[ext_resource path="res://images/WallWSd.png" type="Texture" id=13]
[ext_resource path="res://images/WallWEd.png" type="Texture" id=14]
[ext_resource path="res://images/WallSEd.png" type="Texture" id=15]
[ext_resource path="res://images/WallNWS.png" type="Texture" id=16]
[ext_resource path="res://images/WallNWE.png" type="Texture" id=17]
[ext_resource path="res://images/WallNSE.png" type="Texture" id=18]
[ext_resource path="res://images/WallWSE.png" type="Texture" id=19]
[ext_resource path="res://images/WallNWSd.png" type="Texture" id=20]
[ext_resource path="res://images/WallNWEd.png" type="Texture" id=21]
[ext_resource path="res://images/WallNSEd.png" type="Texture" id=22]
[ext_resource path="res://images/WallWSEd.png" type="Texture" id=23]

[node name="Walls" type="Node2D" index="0"]

[node name="WallN" type="Sprite" parent="." index="0"]

editor/display_folded = true
position = Vector2( 32, 32 )
texture = ExtResource( 1 )
region_rect = Rect2( 0, 0, 64, 64 )
_sections_unfolded = [ "Region" ]

[node name="StaticBody2D" type="StaticBody2D" parent="WallN" index="0"]

input_pickable = false
collision_layer = 1
collision_mask = 1
constant_linear_velocity = Vector2( 0, 0 )
constant_angular_velocity = 0.0
friction = 1.0
bounce = 0.0

[node name="CollisionPolygon2D" type="CollisionPolygon2D" parent="WallN/StaticBody2D" index="0"]

build_mode = 0
polygon = PoolVector2Array( -32, -32, 32, -32, 32, -27, -32, -27 )

[node name="WallW" type="Sprite" parent="." index="1"]

editor/display_folded = true
position = Vector2( 96, 32 )
texture = ExtResource( 2 )
region_rect = Rect2( 0, 0, 64, 64 )
_sections_unfolded = [ "Region" ]

[node name="StaticBody2D" type="StaticBody2D" parent="WallW" index="0"]

input_pickable = false
collision_layer = 1
collision_mask = 1
constant_linear_velocity = Vector2( 0, 0 )
constant_angular_velocity = 0.0
friction = 1.0
bounce = 0.0

[node name="CollisionPolygon2D" type="CollisionPolygon2D" parent="WallW/StaticBody2D" index="0"]

build_mode = 0
polygon = PoolVector2Array( -32, -32, -27, -32, -27, 32, -32, 32 )

[node name="WallS" type="Sprite" parent="." index="2"]

editor/display_folded = true
position = Vector2( 160, 32 )
texture = ExtResource( 3 )
region_rect = Rect2( 0, 0, 64, 64 )
_sections_unfolded = [ "Region" ]

[node name="StaticBody2D" type="StaticBody2D" parent="WallS" index="0"]

input_pickable = false
collision_layer = 1
collision_mask = 1
constant_linear_velocity = Vector2( 0, 0 )
constant_angular_velocity = 0.0
friction = 1.0
bounce = 0.0

[node name="CollisionPolygon2D" type="CollisionPolygon2D" parent="WallS/StaticBody2D" index="0"]

build_mode = 0
polygon = PoolVector2Array( -32, 28, 32, 28, 32, 32, -32, 32 )

[node name="WallE" type="Sprite" parent="." index="3"]

editor/display_folded = true
position = Vector2( 224, 32 )
texture = ExtResource( 4 )
region_rect = Rect2( 0, 0, 64, 64 )
_sections_unfolded = [ "Region" ]

[node name="StaticBody2D" type="StaticBody2D" parent="WallE" index="0"]

editor/display_folded = true
input_pickable = false
collision_layer = 1
collision_mask = 1
constant_linear_velocity = Vector2( 0, 0 )
constant_angular_velocity = 0.0
friction = 1.0
bounce = 0.0

[node name="CollisionPolygon2D" type="CollisionPolygon2D" parent="WallE/StaticBody2D" index="0"]

build_mode = 0
polygon = PoolVector2Array( 32, 32, 28, 32, 28, -32, 32, -32 )

[node name="WallNd" type="Sprite" parent="." index="4"]

editor/display_folded = true
position = Vector2( 32, 96 )
texture = ExtResource( 1 )
region_rect = Rect2( 0, 0, 64, 64 )

[node name="StaticBody2D" type="StaticBody2D" parent="WallNd" index="0"]

input_pickable = false
collision_layer = 1
collision_mask = 1
constant_linear_velocity = Vector2( 0, 0 )
constant_angular_velocity = 0.0
friction = 1.0
bounce = 0.0

[node name="CollisionPolygon2D" type="CollisionPolygon2D" parent="WallNd/StaticBody2D" index="0"]

build_mode = 0
polygon = PoolVector2Array( -32, -32, 32, -32, 32, -27, -32, -27 )

[node name="WallWd" type="Sprite" parent="." index="5"]

editor/display_folded = true
position = Vector2( 96, 96 )
texture = ExtResource( 2 )
region_rect = Rect2( 0, 0, 64, 64 )

[node name="StaticBody2D" type="StaticBody2D" parent="WallWd" index="0"]

input_pickable = false
collision_layer = 1
collision_mask = 1
constant_linear_velocity = Vector2( 0, 0 )
constant_angular_velocity = 0.0
friction = 1.0
bounce = 0.0

[node name="CollisionPolygon2D" type="CollisionPolygon2D" parent="WallWd/StaticBody2D" index="0"]

build_mode = 0
polygon = PoolVector2Array( -32, -32, -27, -32, -27, 32, -32, 32 )

[node name="WallSd" type="Sprite" parent="." index="6"]

editor/display_folded = true
position = Vector2( 160, 96 )
texture = ExtResource( 3 )
region_rect = Rect2( 0, 0, 64, 64 )

[node name="StaticBody2D" type="StaticBody2D" parent="WallSd" index="0"]

input_pickable = false
collision_layer = 1
collision_mask = 1
constant_linear_velocity = Vector2( 0, 0 )
constant_angular_velocity = 0.0
friction = 1.0
bounce = 0.0

[node name="CollisionPolygon2D" type="CollisionPolygon2D" parent="WallSd/StaticBody2D" index="0"]

build_mode = 0
polygon = PoolVector2Array( -32, 28, 32, 28, 32, 32, -32, 32 )

[node name="WallEd" type="Sprite" parent="." index="7"]

editor/display_folded = true
position = Vector2( 224, 96 )
texture = ExtResource( 4 )
region_rect = Rect2( 0, 0, 64, 64 )

[node name="StaticBody2D" type="StaticBody2D" parent="WallEd" index="0"]

editor/display_folded = true
input_pickable = false
collision_layer = 1
collision_mask = 1
constant_linear_velocity = Vector2( 0, 0 )
constant_angular_velocity = 0.0
friction = 1.0
bounce = 0.0

[node name="CollisionPolygon2D" type="CollisionPolygon2D" parent="WallEd/StaticBody2D" index="0"]

build_mode = 0
polygon = PoolVector2Array( 32, 32, 28, 32, 28, -32, 32, -32 )

[node name="WallNW" type="Sprite" parent="." index="8"]

editor/display_folded = true
position = Vector2( 32, 160 )
texture = ExtResource( 5 )
region_rect = Rect2( 0, 0, 64, 64 )
_sections_unfolded = [ "Region" ]

[node name="StaticBody2D" type="StaticBody2D" parent="WallNW" index="0"]

input_pickable = false
collision_layer = 1
collision_mask = 1
constant_linear_velocity = Vector2( 0, 0 )
constant_angular_velocity = 0.0
friction = 1.0
bounce = 0.0

[node name="CollisionPolygon2D" type="CollisionPolygon2D" parent="WallNW/StaticBody2D" index="0"]

build_mode = 0
polygon = PoolVector2Array( 32, -32, 32, -27, -27, -27, -27, 32, -32, 32, -32, -32 )

[node name="WallNS" type="Sprite" parent="." index="9"]

editor/display_folded = true
position = Vector2( 96, 160 )
texture = ExtResource( 6 )
region_rect = Rect2( 0, 0, 64, 64 )
_sections_unfolded = [ "Region" ]

[node name="StaticBody2D" type="StaticBody2D" parent="WallNS" index="0"]

input_pickable = false
collision_layer = 1
collision_mask = 1
constant_linear_velocity = Vector2( 0, 0 )
constant_angular_velocity = 0.0
friction = 1.0
bounce = 0.0

[node name="CollisionPolygon2D" type="CollisionPolygon2D" parent="WallNS/StaticBody2D" index="0"]

build_mode = 0
polygon = PoolVector2Array( -32, 28, -32, 32, 32, 32, 32, 28 )

[node name="CollisionPolygon2D2" type="CollisionPolygon2D" parent="WallNS/StaticBody2D" index="1"]

build_mode = 0
polygon = PoolVector2Array( -32, -27, -32, -32, 32, -32, 32, -27 )

[node name="WallNE" type="Sprite" parent="." index="10"]

editor/display_folded = true
position = Vector2( 160, 160 )
texture = ExtResource( 7 )
region_rect = Rect2( 0, 0, 64, 64 )
_sections_unfolded = [ "Region" ]

[node name="StaticBody2D" type="StaticBody2D" parent="WallNE" index="0"]

input_pickable = false
collision_layer = 1
collision_mask = 1
constant_linear_velocity = Vector2( 0, 0 )
constant_angular_velocity = 0.0
friction = 1.0
bounce = 0.0

[node name="CollisionPolygon2D" type="CollisionPolygon2D" parent="WallNE/StaticBody2D" index="0"]

build_mode = 0
polygon = PoolVector2Array( -32, -32, 32, -32, 32, 32, 28, 32, 28, -27, -32, -27 )

[node name="WallWS" type="Sprite" parent="." index="11"]

editor/display_folded = true
position = Vector2( 224, 160 )
texture = ExtResource( 8 )
region_rect = Rect2( 0, 0, 64, 64 )
_sections_unfolded = [ "Region" ]

[node name="StaticBody2D" type="StaticBody2D" parent="WallWS" index="0"]

input_pickable = false
collision_layer = 1
collision_mask = 1
constant_linear_velocity = Vector2( 0, 0 )
constant_angular_velocity = 0.0
friction = 1.0
bounce = 0.0

[node name="CollisionPolygon2D" type="CollisionPolygon2D" parent="WallWS/StaticBody2D" index="0"]

build_mode = 0
polygon = PoolVector2Array( -27, -32, -32, -32, -32, 32, 32, 32, 32, 28, -27, 28 )

[node name="WallSE" type="Sprite" parent="." index="12"]

editor/display_folded = true
position = Vector2( 352, 160 )
texture = ExtResource( 9 )
region_rect = Rect2( 0, 0, 64, 64 )
_sections_unfolded = [ "Region" ]

[node name="StaticBody2D" type="StaticBody2D" parent="WallSE" index="0"]

input_pickable = false
collision_layer = 1
collision_mask = 1
constant_linear_velocity = Vector2( 0, 0 )
constant_angular_velocity = 0.0
friction = 1.0
bounce = 0.0

[node name="CollisionPolygon2D2" type="CollisionPolygon2D" parent="WallSE/StaticBody2D" index="0"]

build_mode = 0
polygon = PoolVector2Array( -32, 28, -32, 32, 32, 32, 32, -32, 28, -32, 28, 28 )
_sections_unfolded = [ "Transform" ]

[node name="WallWE" type="Sprite" parent="." index="13"]

editor/display_folded = true
position = Vector2( 288, 160 )
texture = ExtResource( 10 )
region_rect = Rect2( 0, 0, 64, 64 )
_sections_unfolded = [ "Region" ]

[node name="StaticBody2D" type="StaticBody2D" parent="WallWE" index="0"]

input_pickable = false
collision_layer = 1
collision_mask = 1
constant_linear_velocity = Vector2( 0, 0 )
constant_angular_velocity = 0.0
friction = 1.0
bounce = 0.0

[node name="CollisionPolygon2D" type="CollisionPolygon2D" parent="WallWE/StaticBody2D" index="0"]

build_mode = 0
polygon = PoolVector2Array( -32, -32, -32, 32, -27, 32, -27, -32 )

[node name="CollisionPolygon2D2" type="CollisionPolygon2D" parent="WallWE/StaticBody2D" index="1"]

build_mode = 0
polygon = PoolVector2Array( 28, -32, 32, -32, 32, 32, 28, 32 )

[node name="WallNWd" type="Sprite" parent="." index="14"]

editor/display_folded = true
position = Vector2( 32, 224 )
texture = ExtResource( 11 )
region_rect = Rect2( 0, 0, 64, 64 )
_sections_unfolded = [ "Region" ]

[node name="StaticBody2D" type="StaticBody2D" parent="WallNWd" index="0"]

input_pickable = false
collision_layer = 1
collision_mask = 1
constant_linear_velocity = Vector2( 0, 0 )
constant_angular_velocity = 0.0
friction = 1.0
bounce = 0.0

[node name="CollisionPolygon2D" type="CollisionPolygon2D" parent="WallNWd/StaticBody2D" index="0"]

build_mode = 0
polygon = PoolVector2Array( 32, -32, 32, -27, -27, -27, -27, 32, -32, 32, -32, -32 )

[node name="WallNSd" type="Sprite" parent="." index="15"]

editor/display_folded = true
position = Vector2( 96, 224 )
texture = ExtResource( 6 )
region_rect = Rect2( 0, 0, 64, 64 )
_sections_unfolded = [ "Region" ]

[node name="StaticBody2D" type="StaticBody2D" parent="WallNSd" index="0"]

input_pickable = false
collision_layer = 1
collision_mask = 1
constant_linear_velocity = Vector2( 0, 0 )
constant_angular_velocity = 0.0
friction = 1.0
bounce = 0.0

[node name="CollisionPolygon2D" type="CollisionPolygon2D" parent="WallNSd/StaticBody2D" index="0"]

build_mode = 0
polygon = PoolVector2Array( -32, 28, -32, 32, 32, 32, 32, 28 )

[node name="CollisionPolygon2D2" type="CollisionPolygon2D" parent="WallNSd/StaticBody2D" index="1"]

build_mode = 0
polygon = PoolVector2Array( -32, -27, -32, -32, 32, -32, 32, -27 )

[node name="WallNEd" type="Sprite" parent="." index="16"]

editor/display_folded = true
position = Vector2( 160, 224 )
texture = ExtResource( 12 )
region_rect = Rect2( 0, 0, 64, 64 )
_sections_unfolded = [ "Region" ]

[node name="StaticBody2D" type="StaticBody2D" parent="WallNEd" index="0"]

input_pickable = false
collision_layer = 1
collision_mask = 1
constant_linear_velocity = Vector2( 0, 0 )
constant_angular_velocity = 0.0
friction = 1.0
bounce = 0.0

[node name="CollisionPolygon2D" type="CollisionPolygon2D" parent="WallNEd/StaticBody2D" index="0"]

build_mode = 0
polygon = PoolVector2Array( -32, -32, 32, -32, 32, 32, 28, 32, 28, -27, -32, -27 )

[node name="WallWSd" type="Sprite" parent="." index="17"]

editor/display_folded = true
position = Vector2( 224, 224 )
texture = ExtResource( 13 )
region_rect = Rect2( 0, 0, 64, 64 )
_sections_unfolded = [ "Region" ]

[node name="StaticBody2D" type="StaticBody2D" parent="WallWSd" index="0"]

input_pickable = false
collision_layer = 1
collision_mask = 1
constant_linear_velocity = Vector2( 0, 0 )
constant_angular_velocity = 0.0
friction = 1.0
bounce = 0.0

[node name="CollisionPolygon2D" type="CollisionPolygon2D" parent="WallWSd/StaticBody2D" index="0"]

build_mode = 0
polygon = PoolVector2Array( -27, -32, -32, -32, -32, 32, 32, 32, 32, 28, -27, 28 )

[node name="WallWEd" type="Sprite" parent="." index="18"]

editor/display_folded = true
position = Vector2( 288, 224 )
texture = ExtResource( 14 )
region_rect = Rect2( 0, 0, 64, 64 )
_sections_unfolded = [ "Region" ]

[node name="StaticBody2D" type="StaticBody2D" parent="WallWEd" index="0"]

input_pickable = false
collision_layer = 1
collision_mask = 1
constant_linear_velocity = Vector2( 0, 0 )
constant_angular_velocity = 0.0
friction = 1.0
bounce = 0.0

[node name="CollisionPolygon2D" type="CollisionPolygon2D" parent="WallWEd/StaticBody2D" index="0"]

build_mode = 0
polygon = PoolVector2Array( -32, -32, -32, 32, -27, 32, -27, -32 )

[node name="CollisionPolygon2D2" type="CollisionPolygon2D" parent="WallWEd/StaticBody2D" index="1"]

build_mode = 0
polygon = PoolVector2Array( 28, -32, 32, -32, 32, 32, 28, 32 )

[node name="WallSEd" type="Sprite" parent="." index="19"]

editor/display_folded = true
position = Vector2( 352, 224 )
texture = ExtResource( 15 )
region_rect = Rect2( 0, 0, 64, 64 )
_sections_unfolded = [ "Region" ]

[node name="StaticBody2D" type="StaticBody2D" parent="WallSEd" index="0"]

input_pickable = false
collision_layer = 1
collision_mask = 1
constant_linear_velocity = Vector2( 0, 0 )
constant_angular_velocity = 0.0
friction = 1.0
bounce = 0.0

[node name="CollisionPolygon2D2" type="CollisionPolygon2D" parent="WallSEd/StaticBody2D" index="0"]

build_mode = 0
polygon = PoolVector2Array( -32, 28, -32, 32, 32, 32, 32, -32, 28, -32, 28, 28 )
_sections_unfolded = [ "Transform" ]

[node name="WallNWS" type="Sprite" parent="." index="20"]

editor/display_folded = true
position = Vector2( 32, 288 )
texture = ExtResource( 16 )
region_rect = Rect2( 0, 0, 64, 64 )
_sections_unfolded = [ "Region" ]

[node name="StaticBody2D" type="StaticBody2D" parent="WallNWS" index="0"]

input_pickable = false
collision_layer = 1
collision_mask = 1
constant_linear_velocity = Vector2( 0, 0 )
constant_angular_velocity = 0.0
friction = 1.0
bounce = 0.0

[node name="CollisionPolygon2D" type="CollisionPolygon2D" parent="WallNWS/StaticBody2D" index="0"]

build_mode = 0
polygon = PoolVector2Array( 32, -32, -32, -32, -32, 32, 32, 32, 32, 28, -27, 28, -27, -27, 32, -27 )
_sections_unfolded = [ "Transform" ]

[node name="WallNWE" type="Sprite" parent="." index="21"]

editor/display_folded = true
position = Vector2( 96, 288 )
texture = ExtResource( 17 )
region_rect = Rect2( 0, 0, 64, 64 )
_sections_unfolded = [ "Region" ]

[node name="StaticBody2D" type="StaticBody2D" parent="WallNWE" index="0"]

input_pickable = false
collision_layer = 1
collision_mask = 1
constant_linear_velocity = Vector2( 0, 0 )
constant_angular_velocity = 0.0
friction = 1.0
bounce = 0.0

[node name="CollisionPolygon2D" type="CollisionPolygon2D" parent="WallNWE/StaticBody2D" index="0"]

build_mode = 0
polygon = PoolVector2Array( 28, 32, 32, 32, 32, -32, -32, -32, -32, 32, -27, 32, -27, -27, 28, -27 )
_sections_unfolded = [ "Transform" ]

[node name="WallNSE" type="Sprite" parent="." index="22"]

editor/display_folded = true
position = Vector2( 160, 288 )
texture = ExtResource( 18 )
region_rect = Rect2( 0, 0, 64, 64 )
_sections_unfolded = [ "Region" ]

[node name="StaticBody2D" type="StaticBody2D" parent="WallNSE" index="0"]

input_pickable = false
collision_layer = 1
collision_mask = 1
constant_linear_velocity = Vector2( 0, 0 )
constant_angular_velocity = 0.0
friction = 1.0
bounce = 0.0

[node name="CollisionPolygon2D" type="CollisionPolygon2D" parent="WallNSE/StaticBody2D" index="0"]

build_mode = 0
polygon = PoolVector2Array( -32, 28, -32, 32, 32, 32, 32, -32, -32, -32, -32, -27, 28, -27, 28, 28 )
_sections_unfolded = [ "Transform" ]

[node name="WallWSE" type="Sprite" parent="." index="23"]

editor/display_folded = true
position = Vector2( 224, 288 )
texture = ExtResource( 19 )
region_rect = Rect2( 0, 0, 64, 64 )
_sections_unfolded = [ "Region" ]

[node name="StaticBody2D" type="StaticBody2D" parent="WallWSE" index="0"]

input_pickable = false
collision_layer = 1
collision_mask = 1
constant_linear_velocity = Vector2( 0, 0 )
constant_angular_velocity = 0.0
friction = 1.0
bounce = 0.0

[node name="CollisionPolygon2D" type="CollisionPolygon2D" parent="WallWSE/StaticBody2D" index="0"]

build_mode = 0
polygon = PoolVector2Array( -27, -32, -32, -32, -32, 32, 32, 32, 32, -32, 28, -32, 28, 28, -27, 28 )
_sections_unfolded = [ "Transform" ]

[node name="WallNWSd" type="Sprite" parent="." index="24"]

editor/display_folded = true
position = Vector2( 32, 352 )
texture = ExtResource( 20 )
region_rect = Rect2( 0, 0, 64, 64 )
_sections_unfolded = [ "Region" ]

[node name="StaticBody2D" type="StaticBody2D" parent="WallNWSd" index="0"]

input_pickable = false
collision_layer = 1
collision_mask = 1
constant_linear_velocity = Vector2( 0, 0 )
constant_angular_velocity = 0.0
friction = 1.0
bounce = 0.0

[node name="CollisionPolygon2D" type="CollisionPolygon2D" parent="WallNWSd/StaticBody2D" index="0"]

build_mode = 0
polygon = PoolVector2Array( 32, -32, -32, -32, -32, 32, 32, 32, 32, 28, -27, 28, -27, -27, 32, -27 )
_sections_unfolded = [ "Transform" ]

[node name="WallNWEd" type="Sprite" parent="." index="25"]

editor/display_folded = true
position = Vector2( 96, 352 )
texture = ExtResource( 21 )
region_rect = Rect2( 0, 0, 64, 64 )
_sections_unfolded = [ "Region" ]

[node name="StaticBody2D" type="StaticBody2D" parent="WallNWEd" index="0"]

input_pickable = false
collision_layer = 1
collision_mask = 1
constant_linear_velocity = Vector2( 0, 0 )
constant_angular_velocity = 0.0
friction = 1.0
bounce = 0.0

[node name="CollisionPolygon2D" type="CollisionPolygon2D" parent="WallNWEd/StaticBody2D" index="0"]

build_mode = 0
polygon = PoolVector2Array( 28, 32, 32, 32, 32, -32, -32, -32, -32, 32, -27, 32, -27, -27, 28, -27 )
_sections_unfolded = [ "Transform" ]

[node name="WallNSEd" type="Sprite" parent="." index="26"]

editor/display_folded = true
position = Vector2( 160, 352 )
texture = ExtResource( 22 )
region_rect = Rect2( 0, 0, 64, 64 )
_sections_unfolded = [ "Region" ]

[node name="StaticBody2D" type="StaticBody2D" parent="WallNSEd" index="0"]

input_pickable = false
collision_layer = 1
collision_mask = 1
constant_linear_velocity = Vector2( 0, 0 )
constant_angular_velocity = 0.0
friction = 1.0
bounce = 0.0

[node name="CollisionPolygon2D" type="CollisionPolygon2D" parent="WallNSEd/StaticBody2D" index="0"]

build_mode = 0
polygon = PoolVector2Array( -32, 28, -32, 32, 32, 32, 32, -32, -32, -32, -32, -27, 28, -27, 28, 28 )
_sections_unfolded = [ "Transform" ]

[node name="WallWSEd" type="Sprite" parent="." index="27"]

editor/display_folded = true
position = Vector2( 224, 352 )
texture = ExtResource( 23 )
region_rect = Rect2( 0, 0, 64, 64 )
_sections_unfolded = [ "Region" ]

[node name="StaticBody2D" type="StaticBody2D" parent="WallWSEd" index="0"]

input_pickable = false
collision_layer = 1
collision_mask = 1
constant_linear_velocity = Vector2( 0, 0 )
constant_angular_velocity = 0.0
friction = 1.0
bounce = 0.0

[node name="CollisionPolygon2D" type="CollisionPolygon2D" parent="WallWSEd/StaticBody2D" index="0"]

build_mode = 0
polygon = PoolVector2Array( -27, -32, -32, -32, -32, 32, 32, 32, 32, -32, 28, -32, 28, 28, -27, 28 )
_sections_unfolded = [ "Transform" ]


